@Book{pressman:2010,
  author = 	 {Roger S. Pressman},
  title = 	 {SOFTWARE ENGINEERING: A PRACTITIONER’S APPROACH},
  publisher = 	 {McGraw-Hill},
  year = 	 {2010},
  edition = 	 {7}
}

@Book{fry:2009,
  author = 	 {Heather Fry and Steve Ketteridge and Stephanie Marshall},
  title = 	 {A Handbook for Teaching and
Learning in Higher Education: Enhancing Academic Practice},
  publisher = 	 {Routledge},
  year = 	 {2009},
  edition = 	 {3}
}

@hidden{ramsden:1992,
  author = {Paul Ramsden},
  title = {Learning to Teach in Higher Education},
  publisher = {Routledge},
  year = {1992},
  edition = {2}
}

@Book{sommervile:2011,
  author = 	 {Ian Sommerville},
  title = 	 {Software Engineering},
  publisher = 	 {Pearson},
  year = 	 {2011},
  edition = {9}
}

@Misc{hooker:1996,
  Title = {The Seven Principles of Software Development},
  Author    = {David Hooker},
  Year = {1996},
  HowPublished  = {http://c2.com/cgi/wiki?SevenPrinciplesOfSoftwareDevelopment},
  Urlaccessdate  = {2 jul. 2016}
}

@Misc{Pereira; Senna Carneiro; Pereira:2013,
  Title = {Developing Innovative Software in Brazilian Public Universities: Tailoring Agile Processes to the Reality of Research and Development Laboratories},
  Author    = {Pereira, I. M.; Senna Carneiro, T. G. de; Pereira, R. R.},
  Year = {2013},
  HowPublished  = {http://www.terralab.ufop.br/dokuwiki/lib/exe/fetch.php?media=terralab:publicacoes:igormuzetti_sea2013.pdf},
  Urlaccessdate  = {27 jun. 2017}
}

@Misc{mysql:2017,
  Title = {MySQL 5.7 Reference Manual},
  Author = {Oracle},
  Year = {2017},
  HowPublished  = {https://dev.mysql.com/doc/refman/5.7/en/},
  Urlaccessdate  = {12 jan. 2017}
}

@Misc{aboutmariadb:2016,
  Title = {About MariaDB},
  Author    = {MariaDB},
  Year = {2016},
  HowPublished  = {https://mariadb.com/kb/en/mariadb/about-mariadb/},
  Urlaccessdate  = {12 jan. 2017}
}

@Misc{featuresmariadb:2016,
  Title = {MariaDB versus MySQL - Features},
  Author = {MariaDB},
  Year = {2016},
  HowPublished  = {https://mariadb.com/kb/en/mariadb/mariadb-vs-mysql-features/},
  Urlaccessdate  = {12 jan. 2017}
}

@Misc{openLdap:2011,
	Title= {OpenLDAP Software 2.4 Administrator's Guide},
	author = {OpenLDAP},
    Year = {2011},
  	HowPublished  = {http://www.openldap.org/doc/admin24/OpenLDAP-Admin-Guide.pdf},
    Urlaccessdate  = {6 jul. 2016}
}

@Misc{aboutapache:2016,
  Title = {What is the Apache HTTP Server Project?},
  Author = {Apache},
  Year = {2016},
  HowPublished  = {http://httpd.apache.org/ABOUT\_APACHE.html},
  Urlaccessdate  = {14 jan. 2017}
}

@InCollection{laudon:2010,
	Address = {New York},
	Author = {Kenneth Laudon and Jane Laudon},
	Booktitle = {Sistemas de Informação Gerenciais},
	Edition = {9},
	Pages = {12-16},
    furtherresp={Tradução Luciana do Amaral Teixeira},
	Publisher = {Pearson Prentice Hall},
	Title = {Perspectivas em sistemas de informação e tecnologia da informação},
	Year = {2010}
}

@InCollection{smith:99,
  author = 	 {A. Smith and B. Jones},
  title = 	 {On the Complexity of Computing},
  booktitle = 	 {Advances in Computer Science},
  pages = 	 {555--566},
  publisher =    {Publishing Press},
  year = 	 {1999},
  editor = 	 {A. B. Smith-Jones}
}

@Article{schmidt:2004,
	Author = {Douglas C. Schmidt and Aniruddha Gokhale and Balachandran Natarajan},
	Journal = {Queue},
	Pages = {66--75},
    publisher = {ACM},
	Title = {Leveraging Application Frameworks},
	Volume = {2},
	Year = {2004}

}

@hidden{gosling:2005,
	Title= {Improving Teaching and Learning in Higher Education: A
Whole Institution Approach},
	author = {Vaneeta D’Andrea and David Gosling},
    Year = {2005},
    publisher = {Open University Press},
    edition = {1}
}

@monography{enio:2016,
  address={João Monlevade, Minas Gerais},
  author={Ênio Santos},
  school={Universidade Federal de Ouro Preto},
  title={Formei UFOP - Um Sistema de Controle do Progresso Academico},
  type={Trabalho de Conclusão de Curso},
  year={2016}
}